[gd_scene load_steps=11 format=2]

[ext_resource path="res://GUI/GUI.gd" type="Script" id=1]
[ext_resource path="res://GUI/ItemsCollection.gd" type="Script" id=2]
[ext_resource path="res://default_theme.tres" type="Theme" id=3]
[ext_resource path="res://Fonts/Kenney Future.ttf" type="DynamicFontData" id=4]
[ext_resource path="res://GUI/Tutorial.gd" type="Script" id=5]

[sub_resource type="DynamicFont" id=4]
size = 24
font_data = ExtResource( 4 )

[sub_resource type="DynamicFont" id=5]
font_data = ExtResource( 4 )

[sub_resource type="StyleBoxFlat" id=1]
bg_color = Color( 0, 0, 0, 0 )

[sub_resource type="Animation" id=3]
resource_name = "tutorial"

[sub_resource type="StyleBoxFlat" id=2]
bg_color = Color( 0, 0, 0, 0 )

[node name="GUI" type="CanvasLayer"]

[node name="Tutorial" type="CanvasLayer" parent="."]
visible = false
script = ExtResource( 5 )

[node name="CenterContainer" type="CenterContainer" parent="Tutorial"]
anchor_right = 1.0
margin_bottom = 143.0

[node name="VBoxContainer" type="VBoxContainer" parent="Tutorial/CenterContainer"]
margin_left = 434.0
margin_top = 47.0
margin_right = 846.0
margin_bottom = 96.0

[node name="TutorialLabel" type="Label" parent="Tutorial/CenterContainer/VBoxContainer"]
margin_right = 412.0
margin_bottom = 27.0
custom_fonts/font = SubResource( 4 )
text = "Press Spacebar to roll!"
align = 1

[node name="TutorialDescription" type="Label" parent="Tutorial/CenterContainer/VBoxContainer"]
margin_top = 31.0
margin_right = 412.0
margin_bottom = 49.0
custom_fonts/font = SubResource( 5 )
text = "Press Spacebar to roll!"
align = 1
valign = 1

[node name="DiceCollection" type="Panel" parent="."]
anchor_left = 1.0
anchor_right = 1.0
anchor_bottom = 1.0
margin_left = -320.0
margin_bottom = -314.0
custom_styles/panel = SubResource( 1 )
script = ExtResource( 1 )

[node name="RollsRemaining" type="Label" parent="DiceCollection"]
margin_top = 26.0
margin_right = 333.0
margin_bottom = 53.0
text = "Rolls remaining: 0"
align = 1
valign = 1
clip_text = true

[node name="GridContainer" type="GridContainer" parent="DiceCollection"]
margin_left = 32.0
margin_top = 133.0
margin_right = 301.0
margin_bottom = 314.0
columns = 4

[node name="Roll" type="VBoxContainer" parent="DiceCollection"]
anchor_right = 1.0
anchor_bottom = 1.0
margin_left = 25.0
margin_top = 357.0
margin_right = -25.0
margin_bottom = -16.0
alignment = 1

[node name="RollDiceButton" type="Button" parent="DiceCollection/Roll"]
margin_top = 7.0
margin_right = 270.0
margin_bottom = 25.0
theme = ExtResource( 3 )
theme_type_variation = "ButtonRoll"
text = "Roll the dice (SPACEBAR)"

[node name="AnimationPlayer" type="AnimationPlayer" parent="DiceCollection/Roll"]
anims/tutorial = SubResource( 3 )

[node name="ItemsCollection" type="Panel" parent="."]
anchor_top = 1.0
anchor_right = 1.0
anchor_bottom = 1.0
margin_left = 960.0
margin_top = -314.0
custom_styles/panel = SubResource( 2 )
script = ExtResource( 2 )

[node name="ItemsLabel" type="Label" parent="ItemsCollection"]
anchor_right = 1.0
margin_bottom = 65.0
text = "Inventory:"
align = 1
valign = 1

[node name="GridContainer" type="GridContainer" parent="ItemsCollection"]
anchor_right = 1.0
anchor_bottom = 1.0
margin_left = 22.0
margin_top = 90.0
margin_right = -22.0
columns = 4

[connection signal="pressed" from="DiceCollection/Roll/RollDiceButton" to="DiceCollection" method="_on_RollDiceButton_pressed"]
