[gd_scene load_steps=15 format=2]

[ext_resource path="res://Level.gd" type="Script" id=1]
[ext_resource path="res://TileSet.tres" type="TileSet" id=2]
[ext_resource path="res://GUI/GUI.tscn" type="PackedScene" id=3]
[ext_resource path="res://LevelTileMap/LevelTileMap.gd" type="Script" id=4]
[ext_resource path="res://Player/Player.tscn" type="PackedScene" id=5]
[ext_resource path="res://Flag/Flag.tscn" type="PackedScene" id=6]
[ext_resource path="res://Camera/Camera.tscn" type="PackedScene" id=7]
[ext_resource path="res://BackgroundLayer/BackgroundLayer.tscn" type="PackedScene" id=8]
[ext_resource path="res://Interactable/Door/Door.tscn" type="PackedScene" id=9]
[ext_resource path="res://Items/Key/Key.tscn" type="PackedScene" id=10]
[ext_resource path="res://Dice/DiceResource.gd" type="Script" id=11]
[ext_resource path="res://Interactable/Hole/Hole.tscn" type="PackedScene" id=12]

[sub_resource type="Resource" id=1]
script = ExtResource( 11 )
element = -1
side = 1

[sub_resource type="Resource" id=2]
script = ExtResource( 11 )
element = -1
side = 5

[node name="Level" type="Node2D"]
script = ExtResource( 1 )
next_level = "res://Levels/Level3.tscn"
dices = [ SubResource( 1 ), SubResource( 2 ) ]
keys_tutorial = true

[node name="BackgroundLayer" parent="." instance=ExtResource( 8 )]

[node name="Player" parent="." instance=ExtResource( 5 )]
position = Vector2( 200, 200 )

[node name="DiceCollection" parent="." instance=ExtResource( 3 )]

[node name="LevelTileMap" type="TileMap" parent="."]
z_index = -1
tile_set = ExtResource( 2 )
cell_size = Vector2( 16, 16 )
show_collision = true
format = 1
tile_data = PoolIntArray( 393228, 3, 0, 458761, 3, 0, 458762, 3, 0, 458763, 3, 0, 458764, 7, 0, 458765, 3, 0, 458766, 3, 0, 458767, 3, 0, 524297, 3, 0, 524298, 8, 0, 524299, 1073741828, 0, 524300, 6, 0, 524301, 1073741828, 0, 524302, 536870920, 0, 524303, 3, 0, 589833, 3, 0, 589834, 5, 0, 589835, 3, 0, 589836, 0, 0, 589837, 3, 0, 589838, 5, 0, 589839, 3, 0, 655367, 3, 0, 655368, 3, 0, 655369, 3, 0, 655370, 5, 0, 655371, 3, 0, 655373, 3, 0, 655374, 5, 0, 655375, 3, 0, 655376, 3, 0, 655377, 3, 0, 720903, 3, 0, 720904, 0, 0, 720905, 0, 0, 720906, 0, 0, 720907, 3, 0, 720908, 0, 0, 720909, 3, 0, 720910, 0, 0, 720911, 0, 0, 720912, 0, 0, 720913, 3, 0, 786439, 3, 0, 786440, 3, 0, 786441, 3, 0, 786442, 1073741832, 0, 786443, 4, 0, 786444, 0, 0, 786445, 4, 0, 786446, 1610612744, 0, 786447, 3, 0, 786448, 3, 0, 786449, 3, 0, 851977, 3, 0, 851978, 3, 0, 851979, 3, 0, 851980, 3, 0, 851981, 3, 0, 851982, 3, 0, 851983, 3, 0 )
script = ExtResource( 4 )

[node name="Camera" parent="." instance=ExtResource( 7 )]
position = Vector2( 240, 168 )

[node name="Flag" parent="." instance=ExtResource( 6 )]
position = Vector2( 200, 120 )

[node name="Door" parent="." instance=ExtResource( 9 )]
position = Vector2( 200, 152 )

[node name="Door2" parent="." instance=ExtResource( 9 )]
position = Vector2( 248, 184 )
color = 1

[node name="Door3" parent="." instance=ExtResource( 9 )]
position = Vector2( 152, 184 )
color = 2

[node name="Key" parent="." instance=ExtResource( 10 )]
position = Vector2( 200, 184 )

[node name="Key2" parent="." instance=ExtResource( 10 )]
position = Vector2( 168, 184 )
color = 2

[node name="Key3" parent="." instance=ExtResource( 10 )]
position = Vector2( 232, 184 )
color = 1

[node name="Hole" parent="." instance=ExtResource( 12 )]
position = Vector2( 200, 168 )
